@book{duda2012pattern,
  title={Pattern classification},
  author={Duda, Richard O and Hart, Peter E and Stork, David G},
  year={2012},
  publisher={John Wiley \& Sons}
}

@inproceedings{luxemburk2021detection,
  title={Detection of https brute-force attacks with packet-level feature set},
  author={Luxemburk, Jan and Hynek, Karel and {\v{C}}ejka, Tom{\'a}{\v{s}}},
  booktitle={2021 IEEE 11th Annual Computing and Communication Workshop and Conference (CCWC)},
  pages={0114--0122},
  year={2021},
  organization={IEEE}
}
@article{seyyar2022attack,
  title={An attack detection framework based on BERT and deep learning},
  author={Seyyar, Yunus Emre and Yavuz, Ali G{\"o}khan and {\"U}nver, Halil Murat},
  journal={IEEE Access},
  volume={10},
  pages={68633--68644},
  year={2022},
  publisher={IEEE}
}
@article{belal2023global,
  title={Global-Local Attention-Based Butterfly Vision Transformer for Visualization-Based Malware Classification},
  author={Belal, Mohamad Mulham and Sundaram, Divya Meena},
  journal={IEEE Access},
  year={2023},
  publisher={IEEE}
}
@article{he2024network,
  title={Network Intrusion Detection Based on Feature Image and Deformable Vision Transformer Classification},
  author={He, Kan and Zhang, Wei and Zong, Xuejun and Lian, Lian},
  journal={IEEE Access},
  volume={12},
  pages={44335--44350},
  year={2024},
  publisher={IEEE}
}
@inproceedings{ranade2021cybert,
  title={Cybert: Contextualized embeddings for the cybersecurity domain},
  author={Ranade, Priyanka and Piplai, Aritran and Joshi, Anupam and Finin, Tim},
  booktitle={2021 IEEE International Conference on Big Data (Big Data)},
  pages={3334--3342},
  year={2021},
  organization={IEEE}
}
@article{ferrag2024revolutionizing,
  title={Revolutionizing Cyber Threat Detection with Large Language Models: A privacy-preserving BERT-based Lightweight Model for IoT/IIoT Devices},
  author={Ferrag, Mohamed Amine and Ndhlovu, Mthandazo and Tihanyi, Norbert and Cordeiro, Lucas C and Debbah, Merouane and Lestable, Thierry and Thandi, Narinderjit Singh},
  journal={IEEE Access},
  year={2024},
  publisher={IEEE}
}
@article{roberto2021associaccao,
  title={Associa{\c{c}}{\~a}o entre atributos manuais e aprendizado profundo baseada em geometria fractal para classifica{\c{c}}{\~a}o de imagens histol{\'o}gicas},
  author={Roberto, Guilherme Freire and others},
  year={2021},
  publisher={Universidade Federal de Uberl{\^a}ndia}
}
@inproceedings{saravanan2010color,
  title={Color image to grayscale image conversion},
  author={Saravanan, Chandran},
  booktitle={2010 Second International Conference on Computer Engineering and Applications},
  volume={2},
  pages={196--199},
  year={2010},
  organization={IEEE}
}
@article{gimenez2010http,
  title={HTTP data set CSIC 2010},
  author={Gim{\'e}nez, Carmen Torrano and Villegas, Alejandro P{\'e}rez and Mara{\~n}{\'o}n, Gonzalo {\'A}lvarez},
  journal={Information Security Institute of CSIC (Spanish Research National Council)},
  volume={64},
  pages={07},
  year={2010}
}
@misc{ahmad2017web,
  author = {F. Ahmad},
  title = {Web Application Firewall},
  year = {2017},
  howpublished = {\url{https://github.com/faizann24/Fwaf-Machine-Learning-driven-WebApplication-Firewall}},
  note = {[Online]}
}
@misc{morzeux2020httpparams,
  author = {Morzeux},
  title = {Httpparams},
  year = {2020},
  howpublished = {\url{https://github.com/Morzeux/HttpParamsDataset}},
  note = {[Online]}
}
@inproceedings{nataraj2011malware,
  title={Malware images: visualization and automatic classification},
  author={Nataraj, Lakshmanan and Karthikeyan, Sreejith and Jacob, Gregoire and Manjunath, Bangalore S},
  booktitle={Proceedings of the 8th international symposium on visualization for cyber security},
  pages={1--7},
  year={2011}
}
@article{ronen2018microsoft,
  title={Microsoft malware classification challenge},
  author={Ronen, Royi and Radu, Marian and Feuerstein, Corina and Yom-Tov, Elad and Ahmadi, Mansour},
  journal={arXiv preprint arXiv:1802.10135},
  year={2018}
}
@article{russakovsky2015imagenet,
  title={Imagenet large scale visual recognition challenge},
  author={Russakovsky, Olga and Deng, Jia and Su, Hao and Krause, Jonathan and Satheesh, Sanjeev and Ma, Sean and Huang, Zhiheng and Karpathy, Andrej and Khosla, Aditya and Bernstein, Michael and others},
  journal={International journal of computer vision},
  volume={115},
  pages={211--252},
  year={2015},
  publisher={Springer}
}
@article{dosovitskiy2020,
  title={An image is worth 16x16 words: Transformers for image recognition at scale},
  author={Dosovitskiy, Alexey and Beyer, Lucas and Kolesnikov, Alexander and Weissenborn, Dirk and Zhai, Xiaohua and Unterthiner, Thomas and Dehghani, Mostafa and Minderer, Matthias and Heigold, Georg and Gelly, Sylvain and others},
  journal={arXiv preprint arXiv:2010.11929},
  year={2020}
}
@article{terzi2022gramian,
  title={Gramian angular field transformation-based intrusion detection},
  author={Terzi, Duygu Sinanc},
  journal={Computer Science},
  volume={23},
  year={2022},
  publisher={Akademia G{\'o}rniczo-Hutnicza im. Stanis{\l}awa Staszica w Krakowie. Wydawnictwo AGH}
}
